<?xml  version="1.0" encoding="UTF-8"?>
<Document xmlns="urn:iso:std:iso:20022:tech:xsd:camt.052.001.02" xmlns:xsi="http://www.w3.org/2001/XMLSchema-instance" xsi:schemaLocation="urn:iso:std:iso:20022:tech:xsd:camt.052.001.02 camt.052.001.02.xsd">
  <BkToCstmrAcctRpt>
    <GrpHdr>
      <MsgId>camt52_20210206041005__ONLINEBA</MsgId>
      <CreDtTm>2021-02-06T04:10:05+01:00</CreDtTm>
      <MsgPgntn>
        <PgNb>1</PgNb>
        <LastPgInd>true</LastPgInd>
      </MsgPgntn>
    </GrpHdr>
    <Rpt>
      <Id>camt052_ONLINEBA</Id>
      <ElctrncSeqNb>00000</ElctrncSeqNb>
      <CreDtTm>2021-02-06T04:10:05+01:00</CreDtTm>
      <Acct>
        <Id>
          <IBAN>DE00000000000000000000</IBAN>
        </Id>
        <Ccy>EUR</Ccy>
        <Svcr>
          <FinInstnId>
            <BIC>PZHSDE66XXX</BIC>
            <Nm>SPARKASSE PFORZHEIM CALW</Nm>
            <Othr>
              <Id>DE144189922</Id>
              <Issr>UmsStId</Issr>
            </Othr>
          </FinInstnId>
        </Svcr>
      </Acct>
      <Bal>
        <Tp>
          <CdOrPrtry>
            <Cd>PRCD</Cd>
          </CdOrPrtry>
        </Tp>
        <Amt Ccy="EUR">268.35</Amt>
        <CdtDbtInd>CRDT</CdtDbtInd>
        <Dt>
          <Dt>2021-02-04</Dt>
        </Dt>
      </Bal>
      <Bal>
        <Tp>
          <CdOrPrtry>
            <Cd>CLBD</Cd>
          </CdOrPrtry>
        </Tp>
        <Amt Ccy="EUR">16.95</Amt>
        <CdtDbtInd>CRDT</CdtDbtInd>
        <Dt>
          <Dt>2021-02-05</Dt>
        </Dt>
      </Bal>
      <Ntry>
        <Amt Ccy="EUR">30.00</Amt>
        <CdtDbtInd>DBIT</CdtDbtInd>
        <Sts>BOOK</Sts>
        <BookgDt>
          <Dt>2021-02-05</Dt>
        </BookgDt>
        <ValDt>
          <Dt>2021-02-05</Dt>
        </ValDt>
        <AcctSvcrRef>NONREF</AcctSvcrRef>
        <BkTxCd />
        <NtryDtls>
          <TxDtls>
            <Refs>
              <Prtry>
                <Tp>FI-UMSATZ-ID</Tp>
                <Ref>2021-02-04-21.47.34.635624</Ref>
              </Prtry>
            </Refs>
            <BkTxCd>
              <Prtry>
                <Cd>NTRF+116+7002+000</Cd>
                <Issr>DK</Issr>
              </Prtry>
            </BkTxCd>
            <RltdPties>
              <Dbtr>
                <Nm>John Doe</Nm>
              </Dbtr>
              <DbtrAcct>
                <Id>
                  <IBAN>DE00000000000000000000</IBAN>
                </Id>
              </DbtrAcct>
              <Cdtr>
                <Nm>SPARKASSE PFORZHEIM CALW</Nm>
              </Cdtr>
              <CdtrAcct>
                <Id>
                  <IBAN>DE11111111111111111111</IBAN>
                </Id>
              </CdtrAcct>
            </RltdPties>
            <RltdAgts>
              <DbtrAgt>
                <FinInstnId>
                  <BIC>PZHSDE66XXX</BIC>
                </FinInstnId>
              </DbtrAgt>
              <CdtrAgt>
                <FinInstnId>
                  <BIC>PZHSDE66XXX</BIC>
                </FinInstnId>
              </CdtrAgt>
            </RltdAgts>
            <RmtInf>
              <Ustrd>Something</Ustrd>
            </RmtInf>
          </TxDtls>
        </NtryDtls>
        <AddtlNtryInf>BELASTUNG</AddtlNtryInf>
      </Ntry>
      <Ntry>
        <Amt Ccy="EUR">26.00</Amt>
        <CdtDbtInd>DBIT</CdtDbtInd>
        <Sts>BOOK</Sts>
        <BookgDt>
          <Dt>2021-02-05</Dt>
        </BookgDt>
        <ValDt>
          <Dt>2021-02-05</Dt>
        </ValDt>
        <AcctSvcrRef>NONREF</AcctSvcrRef>
        <BkTxCd />
        <NtryDtls>
          <TxDtls>
            <Refs>
              <EndToEndId>12345678</EndToEndId>
              <Prtry>
                <Tp>FI-UMSATZ-ID</Tp>
                <Ref>2021-02-05-08.59.18.699015</Ref>
              </Prtry>
            </Refs>
            <BkTxCd>
              <Prtry>
                <Cd>NDDT+106+9262+011</Cd>
                <Issr>DK</Issr>
              </Prtry>
            </BkTxCd>
            <RltdPties>
              <Dbtr>
                <Nm>ISSUER</Nm>
              </Dbtr>
              <DbtrAcct>
                <Id>
                  <IBAN>DE00000000000000000000</IBAN>
                </Id>
              </DbtrAcct>
              <Cdtr>
                <Nm>Tankstelle</Nm>
              </Cdtr>
              <CdtrAcct>
                <Id>
                  <IBAN>DE11664926000009999999</IBAN>
                </Id>
              </CdtrAcct>
              <UltmtCdtr>
                <Nm>ZG RAIFFEISEN ENERGIE GMBH//KARLSRUHE/DE</Nm>
              </UltmtCdtr>
            </RltdPties>
            <RltdAgts>
              <DbtrAgt>
                <FinInstnId>
                  <BIC>PZHSDE66XXX</BIC>
                </FinInstnId>
              </DbtrAgt>
              <CdtrAgt>
                <FinInstnId>
                  <BIC>GENODE61APP</BIC>
                </FinInstnId>
              </CdtrAgt>
            </RltdAgts>
            <Purp>
              <Cd>CDDP</Cd>
            </Purp>
            <RmtInf>
              <Ustrd>2021-02-03T17:46      Debitk.0 2024-12</Ustrd>
            </RmtInf>
          </TxDtls>
        </NtryDtls>
        <AddtlNtryInf>KARTENZAHLUNG</AddtlNtryInf>
      </Ntry>
      <Ntry>
        <Amt Ccy="EUR">34.52</Amt>
        <CdtDbtInd>DBIT</CdtDbtInd>
        <Sts>BOOK</Sts>
        <BookgDt>
          <Dt>2021-02-05</Dt>
        </BookgDt>
        <ValDt>
          <Dt>2021-02-05</Dt>
        </ValDt>
        <AcctSvcrRef>NONREF</AcctSvcrRef>
        <BkTxCd />
        <NtryDtls>
          <TxDtls>
            <Refs>
              <Prtry>
                <Tp>FI-UMSATZ-ID</Tp>
                <Ref>2021-02-05-12.28.26.714181</Ref>
              </Prtry>
            </Refs>
            <BkTxCd>
              <Prtry>
                <Cd>NTRF+118+9310+997</Cd>
                <Issr>DK</Issr>
              </Prtry>
            </BkTxCd>
            <RltdPties>
              <Dbtr>
                <Nm>John Doe</Nm>
              </Dbtr>
              <DbtrAcct>
                <Id>
                  <IBAN>DE00000000000000000000</IBAN>
                </Id>
              </DbtrAcct>
              <Cdtr>
                <Nm>Something else</Nm>
              </Cdtr>
              <CdtrAcct>
                <Id>
                  <IBAN>DE22222222222222222222</IBAN>
                </Id>
              </CdtrAcct>
            </RltdPties>
            <RltdAgts>
              <DbtrAgt>
                <FinInstnId>
                  <BIC>PZHSDE66XXX</BIC>
                </FinInstnId>
              </DbtrAgt>
              <CdtrAgt>
                <FinInstnId>
                  <BIC>GENODE61BTT</BIC>
                </FinInstnId>
              </CdtrAgt>
            </RltdAgts>
            <RmtInf>
              <Ustrd>Kunde 5555555 Rechnung 12345 vom 2021-01-31 DATUM 05.02.2021, 12.28 UHR 1.TAN xxxxxx</Ustrd>
            </RmtInf>
          </TxDtls>
        </NtryDtls>
        <AddtlNtryInf>ECHTZEIT-UEBERWEISUNG</AddtlNtryInf>
      </Ntry>
      <Ntry>
        <Amt Ccy="EUR">2.50</Amt>
        <CdtDbtInd>CRDT</CdtDbtInd>
        <Sts>BOOK</Sts>
        <BookgDt>
          <Dt>2021-02-05</Dt>
        </BookgDt>
        <ValDt>
          <Dt>2021-02-05</Dt>
        </ValDt>
        <AcctSvcrRef>NONREF</AcctSvcrRef>
        <BkTxCd />
        <NtryDtls>
          <TxDtls>
            <Refs>
              <Prtry>
                <Tp>FI-UMSATZ-ID</Tp>
                <Ref>2021-02-05-12.31.45.819015</Ref>
              </Prtry>
            </Refs>
            <BkTxCd>
              <Prtry>
                <Cd>NTRF+820+9310+000</Cd>
                <Issr>DK</Issr>
              </Prtry>
            </BkTxCd>
            <RltdPties>
              <Dbtr>
                <Nm>John Doe</Nm>
              </Dbtr>
              <DbtrAcct>
                <Id>
                  <IBAN>DE00000000000000000000</IBAN>
                </Id>
              </DbtrAcct>
              <Cdtr>
                <Nm>John Doe</Nm>
              </Cdtr>
              <CdtrAcct>
                <Id>
                  <IBAN>DE00000000000000000000</IBAN>
                </Id>
              </CdtrAcct>
            </RltdPties>
            <RltdAgts>
              <DbtrAgt>
                <FinInstnId>
                  <BIC>PZHSDE66XXX</BIC>
                </FinInstnId>
              </DbtrAgt>
              <CdtrAgt>
                <FinInstnId>
                  <BIC>PZHSDE66XXX</BIC>
                </FinInstnId>
              </CdtrAgt>
            </RltdAgts>
            <RmtInf>
              <Ustrd>GEBUEHREN</Ustrd>
            </RmtInf>
          </TxDtls>
        </NtryDtls>
        <AddtlNtryInf>UEBERTRAG (GUTSCHR. UEBERW)</AddtlNtryInf>
      </Ntry>
      <Ntry>
        <Amt Ccy="EUR">163.38</Amt>
        <CdtDbtInd>DBIT</CdtDbtInd>
        <Sts>BOOK</Sts>
        <BookgDt>
          <Dt>2021-02-05</Dt>
        </BookgDt>
        <ValDt>
          <Dt>2021-02-05</Dt>
        </ValDt>
        <AcctSvcrRef>NONREF</AcctSvcrRef>
        <BkTxCd />
        <NtryDtls>
          <TxDtls>
            <Refs>
              <PmtInfId>NOTPROVIDED</PmtInfId>
              <Prtry>
                <Tp>FI-UMSATZ-ID</Tp>
                <Ref>2021-02-05-12.32.32.756606</Ref>
              </Prtry>
            </Refs>
            <BkTxCd>
              <Prtry>
                <Cd>NTRF+820+9310+997</Cd>
                <Issr>DK</Issr>
              </Prtry>
            </BkTxCd>
            <RltdPties>
              <Dbtr>
                <Nm>John Doe</Nm>
              </Dbtr>
              <DbtrAcct>
                <Id>
                  <IBAN>DE00000000000000000000</IBAN>
                </Id>
              </DbtrAcct>
              <Cdtr>
                <Nm>John Doe</Nm>
              </Cdtr>
              <CdtrAcct>
                <Id>
                  <IBAN>DE00000000000000000000</IBAN>
                </Id>
              </CdtrAcct>
            </RltdPties>
            <RltdAgts>
              <DbtrAgt>
                <FinInstnId>
                  <BIC>PZHSDE66XXX</BIC>
                </FinInstnId>
              </DbtrAgt>
              <CdtrAgt>
                <FinInstnId>
                  <BIC>PZHSDE66XXX</BIC>
                </FinInstnId>
              </CdtrAgt>
            </RltdAgts>
            <RmtInf>
              <Ustrd>DATUM 05.02.2021, 12.32 UHR1.TAN xxxxxx</Ustrd>
            </RmtInf>
          </TxDtls>
        </NtryDtls>
        <AddtlNtryInf>UEBERTRAG (UEBERWEISUNG)</AddtlNtryInf>
      </Ntry>
    </Rpt>
  </BkToCstmrAcctRpt>
</Document>
