<?xml version="1.0" encoding="UTF-8"?>
<Document xmlns="urn:iso:std:iso:20022:tech:xsd:camt.053.001.02" xmlns:xs="http://www.w3.org/2001/XMLSchema" xmlns:xsi="http://www.w3.org/2001/XMLSchema-instance">
	<BkToCstmrStmt>
		<GrpHdr>
			<MsgId>KOBE170214357689</MsgId>
			<CreDtTm>2017-02-14T10:30:00.00Z</CreDtTm>
			<MsgPgntn>
				<PgNb>1</PgNb>
				<LastPgInd>true</LastPgInd>
			</MsgPgntn>
		</GrpHdr>
		<Stmt>
			<Id>KOBE170214357689</Id>
			<ElctrncSeqNb>999</ElctrncSeqNb>
			<CreDtTm>2017-02-14T10:30:00.00Z</CreDtTm>
			<CpyDplctInd>DUPL</CpyDplctInd>
			<Acct>
				<Id>
					<IBAN>CH2609000000924238861</IBAN>
				</Id>
				<Ownr>
					<Nm>Surname Name</Nm>
				</Ownr>
			</Acct>
			<Bal>
				<Tp>
					<CdOrPrtry>
						<Cd>OPBD</Cd>
					</CdOrPrtry>
				</Tp>
				<Amt Ccy="XXX">0.00</Amt>
				<CdtDbtInd>CRDT</CdtDbtInd>
				<Dt>
					<Dt>2015-12-31</Dt>
				</Dt>
			</Bal>
			<Bal>
				<Tp>
					<CdOrPrtry>
						<Cd>CLBD</Cd>
					</CdOrPrtry>
				</Tp>
				<Amt Ccy="XXX">10000.00</Amt>
				<CdtDbtInd>CRDT</CdtDbtInd>
				<Dt>
					<Dt>2017-01-31</Dt>
				</Dt>
			</Bal>
			<Ntry>
				<Amt Ccy="XXX">10000.00</Amt>
				<CdtDbtInd>CRDT</CdtDbtInd>
				<Sts>BOOK</Sts>
				<BookgDt>
					<Dt>2016-04-23</Dt>
				</BookgDt>
				<ValDt>
					<Dt>2016-04-23</Dt>
				</ValDt>
				<AcctSvcrRef>20160423000805545979476000000012</AcctSvcrRef>
				<BkTxCd>
					<Domn>
						<Cd>PMNT</Cd>
						<Fmly>
							<Cd>RCDT</Cd>
							<SubFmlyCd>BOOK</SubFmlyCd>
						</Fmly>
					</Domn>
				</BkTxCd>
				<NtryDtls>
					<TxDtls>
						<Refs>
							<AcctSvcrRef>20160423000805545979476000000012</AcctSvcrRef>
						</Refs>
						<AmtDtls>
							<InstdAmt>
								<Amt Ccy="XXX">10000.00</Amt>
							</InstdAmt>
						</AmtDtls>
						<BkTxCd>
							<Domn>
								<Cd>PMNT</Cd>
								<Fmly>
									<Cd>RCDT</Cd>
									<SubFmlyCd>BOOK</SubFmlyCd>
								</Fmly>
							</Domn>
						</BkTxCd>
					</TxDtls>
				</NtryDtls>
				<AddtlNtryInf>Account Transfer</AddtlNtryInf>
			</Ntry>
			<Ntry>
				<Amt Ccy="XXX">1000.00</Amt>
				<CdtDbtInd>CRDT</CdtDbtInd>
				<Sts>BOOK</Sts>
				<BookgDt>
					<Dt>2016-07-28</Dt>
				</BookgDt>
				<ValDt>
					<Dt>2016-07-28</Dt>
				</ValDt>
				<AcctSvcrRef>20160728000805470707085000000012</AcctSvcrRef>
				<BkTxCd>
					<Domn>
						<Cd>PMNT</Cd>
						<Fmly>
							<Cd>RCDT</Cd>
							<SubFmlyCd>BOOK</SubFmlyCd>
						</Fmly>
					</Domn>
				</BkTxCd>
				<NtryDtls>
					<TxDtls>
						<Refs>
							<AcctSvcrRef>20160728000805470707085000000012</AcctSvcrRef>
						</Refs>
						<AmtDtls>
							<InstdAmt>
								<Amt Ccy="XXX">1000.00</Amt>
							</InstdAmt>
						</AmtDtls>
						<BkTxCd>
							<Domn>
								<Cd>PMNT</Cd>
								<Fmly>
									<Cd>RCDT</Cd>
									<SubFmlyCd>BOOK</SubFmlyCd>
								</Fmly>
							</Domn>
						</BkTxCd>
					</TxDtls>
				</NtryDtls>
				<AddtlNtryInf>Account Transfer</AddtlNtryInf>
			</Ntry>
			<Ntry>
				<Amt Ccy="XXX">1000.00</Amt>
				<CdtDbtInd>CRDT</CdtDbtInd>
				<Sts>BOOK</Sts>
				<BookgDt>
					<Dt>2016-12-11</Dt>
				</BookgDt>
				<ValDt>
					<Dt>2016-12-11</Dt>
				</ValDt>
				<AcctSvcrRef>20161211000805762487053000000012</AcctSvcrRef>
				<BkTxCd>
					<Domn>
						<Cd>PMNT</Cd>
						<Fmly>
							<Cd>RCDT</Cd>
							<SubFmlyCd>BOOK</SubFmlyCd>
						</Fmly>
					</Domn>
				</BkTxCd>
				<NtryDtls>
					<TxDtls>
						<Refs>
							<AcctSvcrRef>20161211000805762487053000000012</AcctSvcrRef>
						</Refs>
						<AmtDtls>
							<InstdAmt>
								<Amt Ccy="XXX">1000.00</Amt>
							</InstdAmt>
						</AmtDtls>
						<BkTxCd>
							<Domn>
								<Cd>PMNT</Cd>
								<Fmly>
									<Cd>RCDT</Cd>
									<SubFmlyCd>BOOK</SubFmlyCd>
								</Fmly>
							</Domn>
						</BkTxCd>
					</TxDtls>
				</NtryDtls>
				<AddtlNtryInf>Account Transfer</AddtlNtryInf>
			</Ntry>
			<Ntry>
				<Amt Ccy="XXX">1000.00</Amt>
				<CdtDbtInd>CRDT</CdtDbtInd>
				<Sts>BOOK</Sts>
				<BookgDt>
					<Dt>2016-12-27</Dt>
				</BookgDt>
				<ValDt>
					<Dt>2016-12-27</Dt>
				</ValDt>
				<AcctSvcrRef>20161227000805948717090000000012</AcctSvcrRef>
				<BkTxCd>
					<Domn>
						<Cd>PMNT</Cd>
						<Fmly>
							<Cd>RCDT</Cd>
							<SubFmlyCd>BOOK</SubFmlyCd>
						</Fmly>
					</Domn>
				</BkTxCd>
				<NtryDtls>
					<TxDtls>
						<Refs>
							<AcctSvcrRef>20161227000805948717090000000012</AcctSvcrRef>
						</Refs>
						<AmtDtls>
							<InstdAmt>
								<Amt Ccy="XXX">1000.00</Amt>
							</InstdAmt>
						</AmtDtls>
						<BkTxCd>
							<Domn>
								<Cd>PMNT</Cd>
								<Fmly>
									<Cd>RCDT</Cd>
									<SubFmlyCd>BOOK</SubFmlyCd>
								</Fmly>
							</Domn>
						</BkTxCd>
					</TxDtls>
				</NtryDtls>
				<AddtlNtryInf>Account Transfer</AddtlNtryInf>
			</Ntry>
			<Ntry>
				<Amt Ccy="XXX">10.00</Amt>
				<CdtDbtInd>CRDT</CdtDbtInd>
				<Sts>BOOK</Sts>
				<BookgDt>
					<Dt>2016-12-31</Dt>
				</BookgDt>
				<ValDt>
					<Dt>2016-12-31</Dt>
				</ValDt>
				<AcctSvcrRef>20161231001004092423886000000006</AcctSvcrRef>
				<BkTxCd>
					<Domn>
						<Cd>ACMT</Cd>
						<Fmly>
							<Cd>ACOP</Cd>
							<SubFmlyCd>INTR</SubFmlyCd>
						</Fmly>
					</Domn>
				</BkTxCd>
				<NtryDtls>
					<TxDtls>
						<Refs>
							<AcctSvcrRef>20161231001004092423886000000006</AcctSvcrRef>
						</Refs>
						<AmtDtls>
							<InstdAmt>
								<Amt Ccy="XXX">10.00</Amt>
							</InstdAmt>
						</AmtDtls>
						<BkTxCd>
							<Domn>
								<Cd>ACMT</Cd>
								<Fmly>
									<Cd>ACOP</Cd>
									<SubFmlyCd>INTR</SubFmlyCd>
								</Fmly>
							</Domn>
						</BkTxCd>
					</TxDtls>
				</NtryDtls>
				<AddtlNtryInf>Account Transfer</AddtlNtryInf>
			</Ntry>
		</Stmt>
	</BkToCstmrStmt>
</Document>